% ------------------------------------------------------------------------------
% Introduction
% ------------------------------------------------------------------------------
@article{demkowicz1989toward,
  title = {Toward a universal hp adaptive finite element strategy, Part 1. Constrained approximation and data structure},
  author = {
    Demkowicz, Leszek and
    Oden, J Tinsely and
    Rachowicz, Waldemar and
    Hardy, O
  },
  journal = {Computer Methods in Applied Mechanics and Engineering},
  volume = {77},
  number = {1-2},
  pages = {79--112},
  year = {1989},
  publisher = {Elsevier}
}

@article{oden1989toward,
  title = {Toward a universal hp adaptive finite element strategy, Part 2. A posteriori error estimation},
  author = {
    Oden, J Tinsley and
    Demkowicz, L and
    Rachowicz, W and
    Westermann, TA
  },
  journal = {Computer methods in applied mechanics and engineering},
  volume = {77},
  number = {1-2},
  pages = {113--180},
  year = {1989},
  publisher = {Elsevier}
}

@article{rachowicz1989toward,
  title = {Toward a universal hp adaptive finite element strategy part 3. design of hp meshes},
  author = {
    Rachowicz, W and
    Oden, J Tinsley and
    Demkowicz, L
  },
  journal = {Computer Methods in Applied Mechanics and Engineering},
  volume = {77},
  number = {1-2},
  pages = {181--212},
  year = {1989},
  publisher = {Elsevier}
}

@misc{kruppcomparison,
  title = "{CPU-GPU-MIC} Comparision Charts",
  author = {Karl Rupp},
  url = {https://github.com/karlrupp/cpu-gpu-mic-comparison},
  year = {2020}
}

@article{fischer2020scalability,
  title = {Scalability of High-Performance {PDE} Solvers},
  author = {
    Fischer, Paul and
    Min, Misun and
    Rathnayake, Thilina and
    Dutta, Som and
    Kolev, Tzanio and
    Dobrev, Veselin and
    Camier, Jean-Sylvain and
    Kronbichler, Martin and
    Warburton, Tim and
    Swirydowicz, Kasia and
    Brown, Jed
  },
  doi = {10.1177%2F1094342020915762},
  url = {https://www.osti.gov/biblio/1660236},
  journal = {International Journal of High Performance Computing Applications},
  number = 5,
  volume = 34,
  year = {2020},
  month = {6}
}

@book{deville2002highorder,
  title = {High-order methods for incompressible fluid flow},
  author = {
    Deville, Michel O and
    Fischer, Paul F and
    Mund, Ernest H
  },
  year = {2002},
  publisher = {Cambridge University Press},
  isbn = {0-521-45309-7}
}

% ------------------------------------------------------------------------------
% Hardware constraints
% ------------------------------------------------------------------------------
@article{mccalpin2016memory,
  title = {Memory bandwidth and system balance in {HPC} systems},
  author = {McCalpin, John D},
  journal = {Invited talk, Supercomputing},
  year = {2016}
}

@misc{meuertop500,
  title = {Top 500 list},
  author = {
    Meuer, Hans and
    Strohmaier, Erich and
    Dongarra, Jack and
    Simon, Horst and
    Meuer, Martin
  },
  url = {http://www.top500.org/},
  year = {2020}
}

@misc{petitethpl,
  title = "{HPL}-a portable implementation of the high-performance {Linpack} benchmark for distributed-memory computers",
  author = {
    Petitet, Antoine and
    Whaley, R. Clint and
    Dongarra, Jack and
    Cleary, Andrew
  },
  url = {http://www.netlib.org/benchmark/hpl/},
  year = {2004}
}

@article{dongarra2016high,
  title = {High-performance conjugate-gradient benchmark},
  author = {
    Dongarra, Jack and
    Heroux, Michael A and
    Luszczek, Piotr
  },
  journal = {International Journal of High Performance Computing Applications},
  volume = {30},
  number = {1},
  pages = {3--10},
  year = {2016},
  publisher = {Sage Publications, Inc. Thousand Oaks, CA, USA}
}

@article{adams2014hpgmg,
  title = "{HPGMG} 1.0: A Benchmark for Ranking High Performance Computing Systems",
  author = {
    Adams, Mark and
    Brown, Jed and
    Shalf, John and
    Straalen, Brian and
    Strohmaier, Erich and
    Williams, Samuel
  },
  year = {2014},
  month = {05},
  pages = {},
  journal = {LBNL Technical Report}
}

% ------------------------------------------------------------------------------
% Matrix Free
% ------------------------------------------------------------------------------
@article{brown2010efficient,
  title = "Efficient nonlinear solvers for nodal high-order finite elements in 3{D}",
  author = {Brown, Jed},
  journal = {Journal of Scientific Computing},
  volume = {45},
  number = {1-3},
  pages = {48--63},
  year = {2010},
  publisher = {Springer}
}

@article{knoll2004jacobian,
  title = "{J}acobian-free {Newton--Krylov} methods: a survey of approaches and applications",
  author = {Knoll, Dana A and Keyes, David E},
  journal = {Journal of Computational Physics},
  volume = {193},
  number = {2},
  pages = {357--397},
  year = {2004},
  publisher = {Elsevier}
}

% ------------------------------------------------------------------------------
% Conjugate Gradients
% ------------------------------------------------------------------------------
@misc{shewchuk1994introduction,
  title = {An introduction to the conjugate gradient method without the agonizing pain},
  author = {Shewchuk, Jonathan Richard},
  year = {1994}
}

@book{hestenes1952methods,
  title = {Methods of conjugate gradients for solving linear systems},
  author = {
    Hestenes, Magnus Rudolph and
    Stiefel, Eduard
  },
  volume = {49},
  year = {1952},
  publisher = {NBS Washington, DC}
}

@book{golub1989matrix,
  title = {Matrix Computations},
  author = {
    Golub, G. H. and
    {Van Loan} C. F.
  },
  edition = {2nd},
  year = {1989},
  publisher = {Johns Hopkins University Press},
}

% ------------------------------------------------------------------------------
% Hyperelasticity
% ------------------------------------------------------------------------------
@book{hughes2012finite,
  title = {The finite element method: linear static and dynamic finite element analysis},
  author = {Hughes, Thomas JR},
  year = {2012},
  publisher = {Courier Corporation}
}

@Book{holzapfel2000nonlinear,
 title = {Nonlinear solid mechanics: a continuum approach for engineering},
 author = {Holzapfel, Gerhard},
 publisher = {Wiley},
 year = {2000},
 address = {Chichester New York},
 isbn = {978-0-471-82319-3}
}

% ------------------------------------------------------------------------------
% Preconditioning
% ------------------------------------------------------------------------------
@book{lanczos1950iteration,
  title = {An iteration method for the solution of the eigenvalue problem of linear differential and integral operators},
  author = {Lanczos, Cornelius},
  year = {1950},
  publisher = {United States Governm. Press Office Los Angeles, CA}
}

@article{lanczos1952solution,
  title = {Solution of systems of linear equations by minimized iterations},
  author = {Lanczos, Cornelius},
  journal = {J. Res. Nat. Bur. Standards},
  volume = {49},
  number = {1},
  pages = {33--53},
  year = {1952}
}

@book{luenberger1973introduction,
  title = {Introduction to linear and nonlinear programming},
  author = {Luenberger, David G},
  volume = {28},
  year = {1973},
  publisher = {Addison-Wesley Reading, MA}
}

@article{hu1998bounds,
  title = {Bounds for eigenvalues and condition numbers in the p-version of the finite element method},
  author = {
    Hu, Ning and
    Guo, Xian-Zhong and
    Katz, I
  },
  journal = {Mathematics of computation},
  volume = {67},
  number = {224},
  pages = {1423--1450},
  year = {1998}
}

% -- Jacobi and Chebyshev ------------------------------------------------------
@article{golub1961chebyshev,
  title = {Chebyshev semi-iterative methods, successive overrelaxation iterative methods, and second order {Richardson} iterative methods},
  author = {
    Golub, Gene H and
    Varga, Richard S
  },
  journal = {Numerische Mathematik},
  volume = {3},
  number = {1},
  pages = {157--168},
  year = {1961},
  publisher = {Springer}
}

@article{adams2003parallel,
  title = "Parallel multigrid smoothing: polynomial versus {Gauss-Seidel}",
  author = {
    Adams, Mark and
    Brezina, Marian and
    Hu, Jonathan and
    Tuminaro, Ray
  },
  journal = {Journal of Computational Physics},
  volume = {188},
  number = {2},
  pages = {593--610},
  year = {2003},
  publisher = {Elsevier}
}

@article{gutknecht2002revisited,
  title = {The {C}hebyshev iteration revisited},
  author = {
    Gutknecht, Martin H. and
    RÃ¶llin, Stefan
  },
  journal = {Parallel Computing},
  volume = {28},
  number = {2},
  pages = {263-283},
  year = {2002},
  issn = {0167-8191},
  doi = {https://doi.org/10.1016/S0167-8191(01)00139-9},
}

% -- Multigrid -----------------------------------------------------------------
@article{ronquist1987spectral,
  title = "Spectral element multigrid. {I}. Formulation and numerical results",
  author = {
    R{\o}nquist, Einar M and
    Patera, Anthony T
  },
  journal = {Journal of Scientific Computing},
  volume = {2},
  number = {4},
  pages = {389--406},
  year = {1987},
  publisher = {Springer}
}

@article{heys2005algebraic,
  title = {Algebraic multigrid for higher-order finite elements},
  author = {
    Heys, JJ and
    Manteuffel, TA and
    McCormick, Steve F and
    Olson, LN
  },
  journal = {Journal of computational Physics},
  volume = {204},
  number = {2},
  pages = {520--532},
  year = {2005},
  publisher = {Elsevier}
}

@article{davydov2019matrix,
  title = {A matrix-free approach for finite-strain hyperelastic problems using geometric multigrid},
  author = {
    Davydov, Denis and
    Pelteret, Jean-Paul and
    Arndt, Daniel and
    Kronbichler, Martin and
    Steinmann, Paul
  },
  journal = {International Journal for Numerical Methods in Engineering},
  year = {2020},
  keywords = {adaptive finite-element method, finite-strain, geometric multigrid, hyperelasticity, matrix-free},
  doi = {10.1002/nme.6336},
  url = {https://onlinelibrary.wiley.com/doi/abs/10.1002/nme.6336},
  eprint = {https://onlinelibrary.wiley.com/doi/pdf/10.1002/nme.6336},
}

@inproceedings{may2016extreme,
  title = "Extreme-scale multigrid components within {PETSc}",
  author = {
    May, Dave A and
    Sanan, Patrick and
    Rupp, Karl and
    Knepley, Matthew G and
    Smith, Barry F
  },
  booktitle = {Proceedings of the Platform for Advanced Scientific Computing Conference},
  pages = {1--12},
  year = {2016}
}

@incollection{brandt1982guide,
  title = {Guide to multigrid development},
  author = {Brandt, Achi},
  booktitle = {Multigrid methods},
  pages = {220--312},
  year = {1982},
  publisher = {Springer}
}

@incollection{stuben1982multigrid,
  title = {Multigrid methods: Fundamental algorithms, model problem analysis and applications},
  author = {
    St{\"u}ben, Klaus and
    Trottenberg, Ulrich
  },
  booktitle = {Multigrid methods},
  pages = {1--176},
  year = {1982},
  publisher = {Springer}
}

@book{briggs2000multigrid,
  title = {A multigrid tutorial},
  author = {
    Briggs, William L and
    Henson, Van Emden and
    McCormick, Steve F
  },
  year = {2000},
  publisher = {SIAM}
}

@article{kronbichler2019multigrid,
  title={Multigrid for matrix-free high-order finite element computations on graphics processors},
  author={Kronbichler, Martin and Ljungkvist, Karl},
  journal={ACM Transactions on Parallel Computing (TOPC)},
  volume={6},
  number={1},
  pages={1--32},
  year={2019},
  publisher={ACM New York, NY, USA},
  doi={10.1145/3322813}
}

@article{yserentant1993old,
  title = {Old and new convergence proofs for multigrid methods},
  author = {Yserentant, Harry},
  journal = {Acta numerica},
  volume = {2},
  pages = {285--326},
  year = {1993},
  publisher = {Cambridge University Press}
}

% -- Domain Decomposition ------------------------------------------------------
@book{toselli2005domain,
  title = {Domain decomposition methods-algorithms and theory},
  author = {
    Toselli, Andrea and
    Widlund, Olof
  },
  volume = {34},
  year = {2005},
  publisher = {Springer Science \& Business Media}
}

@book{dryja1989towards,
  title = {Towards a unified theory of domain decomposition algorithms for elliptic problems},
  author = {
    Dryja, Maksymilian and
    Widlund, Olof B
  },
  year = {1989},
  publisher = {New York University, Courant Institute of Mathematical Sciences, Division of Computer Science}
}

@book{schwarz1972gesammelte,
  title =  {Gesammelte mathematische abhandlungen},
  author = {Schwarz, Hermann Amandus},
  volume = {2},
  year = {1890},
  publisher = {Springer},
  pages = {133--143},
  origdate = {1870},
  origtitle = {Vierteljahrsschrift der Naturforschenden Gesellschaft},
  origlocation = {Zurich}
}

@book{widlund1987additive,
  title = {An additive variant of the {Schwarz} alternating method for the case of many subregions},
  author = {
    Widlund, Olof and
    Dryja, Maksymilian
  }, year = "1987",
  month = {dec},
  series = {Technical Report 339, Ultracomputer Note 131},
  publisher = {Department of Computer Science, Courant Institute},
}

@article{dryja1989additive,
  title = {An additive {Schwarz} algorithm for two-and three-dimensional finite element elliptic problems},
  author = {Dryja, Maksymilian},
  journal = {Domain decomposition methods},
  pages = {168--172},
  year = {1989},
  publisher = {Society for Industrial and Applied Mathematics Philadelphia, Pennsylvania}
}

@article{fischer1997overlapping,
  title = "An overlapping {S}chwarz method for spectral element solution of the incompressible {Navier-Stokes} equations",
  author = {Fischer, Paul F},
  journal = {Journal of Computational Physics},
  volume = {133},
  number = {1},
  pages = {84--101},
  year = {1997},
  publisher = {New York, Academic Press.}
}

@incollection{fischer2005hybrid,
  title = "Hybrid {Schwarz}-multigrid methods for the spectral element method: Extensions to {Navier-Stokes}",
  author = {
    Fischer, Paul F and
    Lottes, James W
  },
  booktitle = {Domain Decomposition Methods in Science and Engineering},
  pages = {35--49},
  year = {2005},
  publisher = {Springer}
}

@article{dohrmann2003preconditioner,
  title = {A preconditioner for substructuring based on constrained energy minimization},
  author = {Dohrmann, Clark R},
  journal = {SIAM Journal on Scientific Computing},
  volume = {25},
  number = {1},
  pages = {246--258},
  year = {2003},
  publisher = {SIAM}
}

@article{farhat1991method,
  title = {A method of finite element tearing and interconnecting and its parallel solution algorithm},
  author = {
    Farhat, Charbel and
    Roux, Francois-Xavier
  },
  journal = {International Journal for Numerical Methods in Engineering},
  volume = {32},
  number = {6},
  pages = {1205--1227},
  year = {1991},
  publisher = {Wiley Online Library}
}

@article{farhat2000scalable,
  title = {A scalable dual-primal domain decomposition method},
  author = {
    Farhat, Charbel and
    Lesoinne, Michael and
    Pierson, Kendall
  },
  journal = {Numerical linear algebra with applications},
  volume = {7},
  number = {7-8},
  pages = {687--714},
  year = {2000},
  publisher =   {Wiley Online Library}
}

@article{fragakis2003mosaic,
  title = {The mosaic of high performance domain decomposition methods for structural mechanics: Formulation, interrelation and numerical efficiency of primal and dual methods},
  author = {
    Fragakis, Yannis and
    Papadrakakis, Manolis
  },
  journal = {Computer methods in applied mechanics and engineering},
  volume = {192},
  number = {35-36},
  pages = {3799--3830},
  year = {2003},
  publisher = {Elsevier}
}

@article{klawonn2001feti,
  title = "{FETI} and {Neumann-Neumann} iterative substructuring methods: connections and new results",
  author = {
    Klawonn, Axel and
    Widlund, Olof
  },
  journal = {Communications on Pure and Applied Mathematics: A Journal Issued by the Courant Institute of Mathematical Sciences},
  volume = {54},
  number = {1},
  pages = {57--90},
  year = {2001},
  publisher = {Wiley Online Library}
}

@article{mandel1993balancing,
  title = {Balancing domain decomposition},
  author = {Mandel, Jan},
  journal = {Communications in numerical methods in engineering},
  volume = {9},
  number = {3},
  pages = {233--241},
  year = {1993},
  publisher = {Wiley Online Library}
}

@article{mandel2007bddc,
  title = {{BDDC} and {FETI-DP} under minimalist assumptions},
  author = {Mandel, Jan and Soused{\'\i}k, Bed{\v{r}}ich},
  journal = {Computing},
  volume = {81},
  number = {4},
  pages = {269--280},
  year = {2007},
  publisher = {Springer}
}

@article{rixen1999theoretical,
  title = "Theoretical comparison of the {FETI} and algebraically partitioned {FETI} methods, and performance comparisons with a direct sparse solver",
  author = {
    Rixen, Daniel J and
    Farhat, Charbel and
    Tezaur, Radek and
    Mandel, Jan
  },
  journal = {International Journal for Numerical Methods in Engineering},
  volume = {46},
  number = {4},
  pages = {501--533},
  year = {1999},
  publisher = {Wiley Online Library}
}

@article{li2007use,
  title = "On the use of inexact subdomain solvers for {BDDC} algorithms",
  author = {
    Li, Jing and
    Widlund, Olof B
  },
  journal = {Computer Methods in Applied Mechanics and Engineering},
  volume = {196},
  number = {8},
  pages = {1415--1428},
  year = {2007},
  publisher = {Elsevier}
}

@article{dohrmann2007approximate,
  title = {An approximate {BDDC} preconditioner},
  author = {Dohrmann, Clark R},
  journal = {Numerical Linear Algebra with Applications},
  volume = {14},
  number = {2},
  pages = {149--168},
  year = {2007},
  publisher = {Wiley Online Library}
}


@article{lynch1964direct,
  title = {Direct solution of partial difference equations by tensor product methods},
  author = {
    Lynch, Robert E and
    Rice, John R and
    Thomas, Donald H
  },
  journal = {Numerische Mathematik},
  volume = {6},
  number = {1},
  pages = {185--199},
  year = {1964},
  publisher = {Springer}
}

@incollection{fischer2000overlapping,
  title = "An overlapping {Schwarz} method for spectral element simulation of three-dimensional incompressible flows",
  author = {
    Fischer, Paul F and
    Tufo, Henry M and
    Miller, NI
  },
  booktitle = {Parallel Solution of Partial Differential Equations},
  pages = {159--180},
  year = {2000},
  publisher = {Springer}
}

@book{toselli2006domain,
  title = "{D}omain {D}ecomposition {M}ethods: {A}lgorithms and {T}heory",
  author = {
    Toselli, Andrea and
    Widlund, Olof
  },
  volume = {34},
  year = {2006},
  publisher = {Springer Science \& Business Media},
}

@techreport{couzy1995spectral,
  title = {Spectral element discretization of the unsteady {Navier-Stokes} equations and its iterative solution on parallel computers},
  author = {
    Couzy, Wouter
  },
  year = {1995},
  institution = {EPFL}
}

@article{pavarino2010bddc,
  title = {{BDDC} preconditioners for spectral element discretizations of almost incompressible elasticity in three dimensions},
  author = {
    Pavarino, Luca F and
    Widlund, Olof B and
    Zampini, Stefano
  },
  journal = {SIAM Journal on Scientific Computing},
  volume = {32},
  number = {6},
  pages = {3604--3626},
  year = {2010},
  publisher = {SIAM}
}

@article{klawonn2008spectral,
  title = {Spectral element {FETI-DP} and {BDDC} preconditioners with multi-element subdomains},
  author = {
    Axel Klawonn and
    Luca F. Pavarino and
    Oliver Rheinbach
  },
  journal = {Computer Methods in Applied Mechanics and Engineering},
  volume = {198},
  number = {3},
  pages = {511-523},
  year = {2008},
  issn = {0045-7825},
  doi = {https://doi.org/10.1016/j.cma.2008.08.017},
  url = {https://www.sciencedirect.com/science/article/pii/S0045782508003137},
}

@incollection{klawonn2008exact,
  title = {Exact and inexact {FETI-DP} methods for spectral elements in two dimensions},
  author = {
    Klawonn, Axel and
    Rheinbach, Oliver and
    Pavarino, Luca F
  },
  booktitle = {Domain decomposition methods in science and engineering XVII},
  pages = {279--286},
  year = {2008},
  publisher = {Springer}
}

% -- Split ---------------------------------------------------------------------
@article{elman2008taxonomy,
  title = "A taxonomy and comparison of parallel block multi-level preconditioners for the incompressible {Navier-Stokes} equations",
  author = {
    Elman, Howard and
    Howle, Victoria E and
    Shadid, John and
    Shuttleworth, Robert and
    Tuminaro, Ray
  },
  journal = {Journal of Computational Physics},
  volume = {227},
  number = {3},
  pages = {1790--1808},
  year = {2008},
  publisher = {Elsevier}
}

% -----------------------------------------------------------------------------
% LFA
% -----------------------------------------------------------------------------
@article{brandt1977multi,
  title = {Multi-level adaptive solutions to boundary-value problems},
  author = {Brandt, Achi},
  journal = {Mathematics of computation},
  volume = {31},
  number = {138},
  pages = {333--390},
  year = {1977}
}

@article{brannick2015polynomial,
  title = {Local {F}ourier Analysis of Multigrid Methods with Polynomial Smoothers and Aggressive Coarsening},
  author = {
    Brannick, James and
    Hu, Xiaozhe and
    Rodrigo, Carmen and
    Zikatanov, Ludmil
  },
  volume = {8},
  DOI = {10.4208/nmtma.2015.w01si},
  number = {1},
  journal = {Numerical Mathematics: Theory, Methods and Applications},
  publisher = {Cambridge University Press},
  year = {2015},
  pages = {1â21}
}

@article{brown2019local,
  title = {Local {F}ourier Analysis of Balancing Domain Decomposition By Constraints Algorithms},
  author = {
    Brown, Jed and
    He, Yunhui and
    MacLachlan, Scott
  },
  journal = {SIAM Journal on Scientific Computing},
  volume = {41},
  number = {5},
  pages = {S346--S369},
  year = {2019},
  publisher = {SIAM}
}

@article {brown2021tuning,
  title = {Tuning multigrid methods with robust optimization and local {F}ourier analysis},
  author = {
    Brown, Jed and
    He, Yunhui and
    MacLachlan, Scott and
    Menickelly, Matt and
    Wild, Stefan M.
  },
  journal = {SIAM Journal of Scientific Computing},
  volume = {43},
  year = {2021},
  pages = {A109-A138,  2021},
}

@article{maclachlan2011lfa,
  title = {A local {F}ourier analysis framework for finite-element discretizations of systems of {PDEs}},
  author = {
    Maclachlan, Scott and
    Oosterlee, Cornelis
  },
  journal = {Numerical Linear Algebra With Applications - NUMER LINEAR ALGEBR APPL},
  year = {2011},
  month = {01},
  pages = {},
}

@article{he2020two,
  title = {Two-level {F}ourier analysis of multigrid for higher-order finite-element discretizations of the Laplacian},
  author = {
    He, Yunhui and
    MacLachlan, Scott
  },
  journal = {Numerical Linear Algebra with Applications},
  volume = {27},
  number = {3},
  pages = {e2285},
  year = {2020},
  publisher = {Wiley Online Library}
}

@book{wienands2004practical,
  title = {Practical {F}ourier analysis for multigrid methods},
  author = {
    Wienands, Roman and
    Joppich, Wolfgang
  },
  year = {2004},
  publisher = {CRC press}
}

@article{kumar2019local,
  title = {On local {F}ourier analysis of multigrid methods for {PDE}s with jumping and random coefficients},
  author = {
    Kumar, Prashant and
    Rodrigo, Carmen and
    Gaspar, Francisco J and
    Oosterlee, Cornelis W
  },
  journal = {SIAM Journal on Scientific Computing},
  volume = {41},
  number = {3},
  pages = {A1385--A1413},
  year = {2019},
  publisher = {SIAM}
}

@article{kahl2020automated,
  title = {Automated local {F}ourier analysis (a{LFA})},
  author = {
    Kahl, Karsten and
    Kintscher, Nils
  },
  journal = {BIT Numerical Mathematics},
  volume = {60},
  number = {3},
  pages = {651--686},
  year = {2020},
  publisher = {Springer}
}

@article{van2011discrete,
  title = {Discrete {F}ourier analysis of multigrid algorithms},
  author = {
    van der Vegt, Jacobus JW and
    Rhebergen, Sander
  },
  journal = {Memorandum Department of Applied Mathematics, University of Twente, Enschede, The Netherlands},
  year = {2011}
}

@article{rodrigo2019validity,
  title = {On the Validity of the Local {F}ourier Analysis},
  author = {
    Rodrigo, Carmen and
    Gaspar, Francisco J and
    Zikatanov, Ludmil T
  },
  journal = {Journal of Computational Mathematics},
  volume = {37},
  number = {3},
  pages = {340--348},
  year = {2019}
}

@book {MR1807961,
  title = {Multigrid},
  author = {
    Trottenberg, U. and
    Oosterlee, C. W. and
    Sch\"{u}ller, A.
  },
  note = {With contributions by A. Brandt, P. Oswald and K. St\"{u}ben},
  publisher = {Academic Press, Inc., San Diego, CA},
  year = {2001},
  pages = {xvi+631},
  isbn = {0-12-701070-X},
  mrclass = {65-02 (65F10 65M55 65N22 65N55)},
  mrnumber = {1807961},
  mrreviewer = {Dietrich Braess},
}

@phdthesis{rittich2018extending,
  title = {Extending and automating {F}ourier analysis for multigrid methods},
  author = {Rittich, Hannah},
  year = {2018},
  school = {Universit{\"a}t Wuppertal, Fakult{\"a}t f{\"u}r Mathematik und Naturwissenschaften}
}

@article{maclachlan2011overlapping,
  author = {MacLachlan, Scott P. and Oosterlee, C. W.},
  title = {Local {Fourier} analysis for multigrid with overlapping smoothers applied to systems of {PDEs}},
  journal = {Numerical Linear Algebra with Applications},
  volume = {18},
  number = {4},
  pages = {751-774},
  keywords = {multigrid, finite-element discretizations, local Fourier analysis},
  doi = {10.1002/nla.762},
  year = {2011}
}

% ------------------------------------------------------------------------------
% High-Order
% ------------------------------------------------------------------------------

@article{babuska1982rates,
  title = {On the rates of convergence of the finite element method},
  author = {Babuska, Ivo and Szabo, Barna},
  journal = {International Journal for Numerical Methods in Engineering},
  volume = {18},
  number = {3},
  pages = {323--341},
  year = {1982},
}

@article{guo1986hp,
  title = {The hp version of the finite element method},
  author = {Guo, B and Babu{\v{s}}ka, I},
  journal = {Computational Mechanics},
  volume = {1},
  number = {1},
  pages = {21--41},
  year = {1986},
  publisher = {Springer}
}

% ------------------------------------------------------------------------------
% Software
% ------------------------------------------------------------------------------
@misc{libceed-user-manual,
  author       = {Abdelfattah, Ahmad and
                  Barra, Valeria and
                  Beams, Natalie and
                  Brown, Jed and
                  Camier, Jean-Sylvain and
                  Dobrev, Veselin and
                  Dudouit, Yohann and
                  Ghaffari, Leila and
                  Kolev, Tzanio and
                  Medina, David and
                  Rathnayake, Thilina and
                  Thompson, Jeremy L and
                  Tomov, Stanimire},
  title        = {lib{CEED} {U}ser {M}anual},
  month        = jul,
  year         = 2021,
  publisher    = {Zenodo},
  version      = {0.9},
  doi          = {10.5281/zenodo.4302737},
  url          = {https://doi.org/10.5281/zenodo.4302737}
}

@article{libceed,
  title = {{libCEED}: Fast algebra for high-order element-based discretizations},
  author = {
    Jed Brown and
    Ahmad Abdelfattah and
    Valeria Barra and
    Natalie Beams and
    Jean Sylvain Camier and
    Veselin Dobrev and
    Yohann Dudouit and
    Leila Ghaffari and
    Tzanio Kolev and
    David Medina and
    Will Pazner and
    Thilina Ratnayaka and
    Jeremy Thompson and
    Stan Tomov
  },
  journal = {Journal of Open Source Software},
  year = {2021},
  publisher = {The Open Journal},
  volume = {6},
  number = {63},
  pages = {2945},
  doi = {10.21105/joss.02945}
}

@TechReport{petsc-user-ref,
  author = {
    Satish Balay and
    Shrirang Abhyankar and
    Mark~F. Adams and
    Jed Brown and
    Peter Brune and
    Kris Buschelman and
    Lisandro Dalcin and
    Alp Dener and
    Victor Eijkhout and
    William~D. Gropp and
    Dmitry Karpeyev and
    Dinesh Kaushik and
    Matthew~G. Knepley and
    Dave~A. May and
    Lois Curfman McInnes and
    Richard Tran Mills and
    Todd Munson and
    Karl Rupp and
    Patrick Sanan and
    Barry~F. Smith and
    Stefano Zampini and
    Hong Zhang and
    Hong Zhang
  },
  title  = {{PETS}c Users Manual},
  institution = {Argonne National Laboratory},
  year   = 2021,
  number = {ANL-95/11 - Revision 3.15},
  url    = {https://www.mcs.anl.gov/petsc}
}

@misc{thompson2021toolkit,
  author = {Thompson, Jeremy L.},
  title = {{L}{F}{A}{T}oolkit},
  year = {2021},
  publisher = {GitHub},
  journal = {GitHub repository},
  howpublished = {\url{https://github.com/jeremylt/LFAToolkit.jl}},
  commit = {4bb6a9ec96a5f4339b1a7c9d60e04ef38b16b637}
}

@misc{libxsmm,
  title = {{LIBXSMM}},
  key = {libxsmm},
  year = {2021},
  publisher = {GitHub},
  journal = {GitHub repository},
  howpublished = {\url{https://github.com/hfp/libxsmm}},
}

% ------------------------------------------------------------------------------
% Navier Stokes
% ------------------------------------------------------------------------------
@article{giraldoetal2010,
  title = {Semi-Implicit Formulations of the {Navier-Stokes} Equations: Application to Nonhydrostatic Atmospheric Modeling},
  author = {
    Giraldo, F. X. and
    Restelli, M. and LÃ¤uter, M.
  },
  journal = {SIAM Journal on Scientific Computing},
  volume = {32},
  number = {6},
  pages = {3394--3425},
  year = {2010},
  doi = {10.1137/090775889}
}

@article{papanastasiou1992outflow,
  title = {A new outflow boundary condition},
  author = {
    Papanastasiou, TC and
    Malamataris, N and
    Ellwood K
  },
  year = {1992},
  month = mar,
  pages = {587--608},
  volume = {14},
  journal = {International Journal for Numerical Methods in Fluids},
  doi = {10.1002/fld.1650140506}
}

@article{zhang2011verification,
  title = {On the Order of Accuracy and Numerical Performance of Two Classes of Finite Volume WENO Schemes},
  author = {
    Zhang, Rui and
    Zhang, Mengping and
    Shu, Chi-Wang
  },
  volume = {9},
  DOI = {10.4208/cicp.291109.080410s},
  number = {3},
  journal = {Communications in Computational Physics},
  publisher = {Cambridge University Press},
  year = {2011},
  pages =   {807--827}
}

% ------------------------------------------------------------------------------
% CEED Project
% ------------------------------------------------------------------------------
@misc{ceed-bps,
  title = {{CEED} Bake-off Problems (Benchmarks)},
  key = {CEED},
  howpublished = {\url{https://ceed.exascaleproject.org/bps/}},
  note = {Accessed: 2021-06-06},
}

% ------------------------------------------------------------------------------
% Personal Papers
% ------------------------------------------------------------------------------
@inproceedings{mehraban2021simulating,
  title = {Simulating Compressible and Nearly-Incompressible Linear Elasticity Using an Efficient Parallel Scalable Matrix-Free High-Order Finite Element Method},
  author = {
    Mehraban, Arash and
    Thompson, Jeremy and
    Brown, Jed and
    Regueiro, Richard and
    Barra, Valeria and
    Tufo, Henry
  },
  booktitle = {14th WCCM-ECCOMAS Congress 2020},
  volume = {1400},
  year = {2021}
}

@inproceedings{imece2020,
  author = {
    {A}rash {M}ehraban and
    {J}ed {B}rown and
    {V}aleria {B}arra and
    {H}enry {T}ufo and
    {J}eremy {T}hompson and
    {R}ichard {R}egueiro
  },
  title = {Efficient Residual and Matrix-free {J}acobian Evaluation for Three-Dimensional Tri-Quadratic Hexahedral Finite Elements with Nearly-Incompressible {N}eo-{H}ookean Hyperelasticity applied to Soft Materials on Unstructured meshes in Parallel, with {P}{E}{T}{S}c and lib{C}{E}{E}{D}},
  booktitle = {Procedings of the 2020 {I}nternational {M}echanical {E}ngineering {C}ongress and {E}xposition},
  month = {July},
  year = {2020},
}

@inproceedings{scipy2020,
  author = {
    {V}aleria {B}arra and
    {J}ed {B}rown and
    {J}eremy {T}hompson and
    {Y}ohann {D}udouit
  },
  title = {{H}igh-performance operator evaluations with ease of use: lib{C}{E}{E}{D}'s {P}ython interface},
  booktitle = {Proceedings of the 19th {P}ython in {S}cience {Conference}},
  pages = {75-80},
  month = {July},
  year = {2020},
  editor = {{M}eghann {A}garwal and {C}hris {C}alloway and {Dillon} {N}iederhut and {D}avid {S}hupe},
  doi = {},
}

@article{article,
  title = {Efficient exascale discretizations: High-order finite element methods},
  author = {
    Kolev, Tzanio and
    Fischer, Paul and
    Min, Misun and
    Dongarra, Jack and
    Brown, Jed and
    Dobrev, Veselin and
    Warburton, Tim and
    Tomov, Stanimire and
    Shephard, Mark and
    Abdelfattah, Ahmad and
    Barra, Valeria and
    Beams, Natalie and
    Camier, Jean-Sylvain and
    Chalmers, Noel and
    Dudouit, Yohann and
    Karakus, Ali and
    Karlin, Ian and
    Kerkemeier, Stefan and
    Lan, Yu-Hsiang and
    Tomov, Vladimir
  },
  year = {2021},
  month = {06},
  journal = {The International Journal of High Performance Computing Applications},
  doi = {10.1177/10943420211020803}
}

% ------------------------------------------------------------------------------
